<?xml version="1.0" encoding="UTF-8"?><collection xmlns="http://www.loc.gov/MARC21/slim"><record><leader>00321nam--2200121-i-4500</leader><controlfield tag="001">000039982</controlfield><controlfield tag="002">20161230</controlfield><controlfield tag="005">20161230201042</controlfield><controlfield tag="008">060222s1000------------r-----000-0-eng-d</controlfield><datafield ind1=" " ind2=" " tag="100"><subfield code="a">Saddngton,K.And Templeton,W.L</subfield></datafield><datafield ind1=" " ind2=" " tag="245"><subfield code="a">Disposal of radioactive waste</subfield></datafield><datafield ind1=" " ind2=" " tag="260"><subfield code="a">London, George Newnes, 1958. Viii + 102 P</subfield></datafield><datafield ind1=" " ind2=" " tag="852"><subfield code="a">14801</subfield></datafield></record></collection>